@article{eshre2018eshre,
  title={ESHRE guideline: recurrent pregnancy loss},
  author={ESHRE Guideline Group on RPL and Bender Atik, Ruth and Christiansen, Ole Bjarne and Elson, Janine and Kolte, Astrid Marie and Lewis, Sheena and Middeldorp, Saskia and Nelen, Willianne and Peramo, Braulio and Quenby, Siobhan and others},
  journal={Human Reproduction Open},
  volume={2018},
  number={2},
  pages={hoy004},
  year={2018},
  publisher={Oxford University Press}
}
@article{adzhubei2013predicting,
  title={Predicting functional effect of human missense mutations using PolyPhen-2},
  author={Adzhubei, Ivan and Jordan, Daniel M and Sunyaev, Shamil R},
  journal={Current protocols in human genetics},
  volume={76},
  number={1},
  pages={7--20},
  year={2013},
  publisher={Wiley Online Library}
}

@article{ng2003sift,
  title={SIFT: Predicting amino acid changes that affect protein function},
  author={Ng, Pauline C and Henikoff, Steven},
  journal={Nucleic acids research},
  volume={31},
  number={13},
  pages={3812--3814},
  year={2003},
  publisher={Oxford University Press}
}

@article{mclaren2016ensembl,
  title={The ensembl variant effect predictor},
  author={McLaren, William and Gil, Laurent and Hunt, Sarah E and Riat, Harpreet Singh and Ritchie, Graham RS and Thormann, Anja and Flicek, Paul and Cunningham, Fiona},
  journal={Genome biology},
  volume={17},
  number={1},
  pages={122},
  year={2016},
  publisher={Springer}
}

@incollection{chinnery2014mitochondrial,
  title={Mitochondrial disorders overview},
  author={Chinnery, Patrick F},
  booktitle={GeneReviews{\textregistered}[Internet]},
  year={2014},
  publisher={University of Washington, Seattle}
}
@article{akagi2002point,
  title={A point mutation of mitochondrial ATPase 6 gene in Leigh syndrome},
  author={Akagi, Motohiro and Inui, Koji and Tsukamoto, Hiroko and Sakai, Norio and Muramatsu, Takashi and Yamada, Minoru and Matsuzaki, Kouzi and Goto, Yu-ichi and Nonaka, Ikuya and Okada, Shintaro},
  journal={Neuromuscular Disorders},
  volume={12},
  number={1},
  pages={53--55},
  year={2002},
  publisher={Elsevier}
}

@article{tatuch1992heteroplasmic,
  title={Heteroplasmic mtDNA mutation (T----G) at 8993 can cause Leigh disease when the percentage of abnormal mtDNA is high.},
  author={Tatuch, Y and Christodoulou, J and Feigenbaum, A and Clarke, JT and Wherret, J and Smith, C and Rudd, N and Petrova-Benedict, R and Robinson, BH},
  journal={American journal of human genetics},
  volume={50},
  number={4},
  pages={852},
  year={1992},
  publisher={Elsevier}
}

@article{puttick2019mity,
  title={mity: A highly sensitive mitochondrial variant analysis pipeline for whole genome sequencing data},
  author={Puttick, Clare and Kumar, Kishore Raj and Davis, Ryan L and Pinese, Mark and Thomas, David M and Dinger, Marcel E and Sue, Carolyn M and Cowley, Mark J},
  journal={BioRxiv},
  pages={852210},
  year={2019},
  publisher={Cold Spring Harbor Laboratory}
}

@article{weissensteiner2016haplogrep,
  title={HaploGrep 2: mitochondrial haplogroup classification in the era of high-throughput sequencing},
  author={Weissensteiner, Hansi and Pacher, Dominic and Kloss-Brandst{\"a}tter, Anita and Forer, Lukas and Specht, G{\"u}nther and Bandelt, Hans-J{\"u}rgen and Kronenberg, Florian and Salas, Antonio and Sch{\"o}nherr, Sebastian},
  journal={Nucleic acids research},
  volume={44},
  number={W1},
  pages={W58--W63},
  year={2016},
  publisher={Oxford University Press}
}


@article{arora2015hgsdb,
  title={HgsDb: Haplogroups Database to understand migration and molecular risk assessment},
  author={Arora, Devender and Singh, Ajeet and Sharma, Vikrant and Bhaduria, Harvendra Singh and Patel, Ram Bahadur},
  journal={Bioinformation},
  volume={11},
  number={6},
  pages={272},
  year={2015},
  publisher={Biomedical Informatics Publishing Group}
}
@incollection{thorburn2017mitochondrial,
  title={Mitochondrial DNA-associated Leigh syndrome and NARP},
  author={Thorburn, David R and Rahman, Joyeeta and Rahman, Shamima},
  booktitle={GeneReviews{\textregistered}[Internet]},
  year={2017},
  publisher={University of Washington, Seattle}
}


@article{ncbi2016database,
  title={Database resources of the national center for biotechnology information},
  author={NCBI Resource Coordinators},
  journal={Nucleic acids research},
  volume={44},
  number={D1},
  pages={D7--D19},
  year={2016},
  publisher={Oxford University Press}
}

@article{kivisild2015maternal,
  title={Maternal ancestry and population history from whole mitochondrial genomes},
  author={Kivisild, Toomas},
  journal={Investigative genetics},
  volume={6},
  number={1},
  pages={3},
  year={2015},
  publisher={Springer}
}


@article{stefano2016mitochondrial,
  title={Mitochondrial DNA heteroplasmy in human health and disease},
  author={Stefano, George B and Kream, Richard M},
  journal={Biomedical Reports},
  volume={4},
  number={3},
  pages={259--262},
  year={2016},
  publisher={Spandidos Publications}
}

@article{wallace2013mitochondrial,
  title={Mitochondrial DNA genetics and the heteroplasmy conundrum in evolution and disease},
  author={Wallace, Douglas C and Chalkia, Dimitra},
  journal={Cold Spring Harbor perspectives in biology},
  volume={5},
  number={11},
  pages={a021220},
  year={2013},
  publisher={Cold Spring Harbor Lab}
}


@article{goto2011dynamics,
  title={Dynamics of mitochondrial heteroplasmy in three families investigated via a repeatable re-sequencing study},
  author={Goto, Hiroki and Dickins, Benjamin and Afgan, Enis and Paul, Ian M and Taylor, James and Makova, Kateryna D and Nekrutenko, Anton},
  journal={Genome biology},
  volume={12},
  number={6},
  pages={R59},
  year={2011},
  publisher={Springer}
}

@article{ashburner2000gene,
  title={Gene ontology: tool for the unification of biology},
  author={Ashburner, Michael and Ball, Catherine A and Blake, Judith A and Botstein, David and Butler, Heather and Cherry, J Michael and Davis, Allan P and Dolinski, Kara and Dwight, Selina S and Eppig, Janan T and others},
  journal={Nature genetics},
  volume={25},
  number={1},
  pages={25--29},
  year={2000},
  publisher={Nature Publishing Group}
}
@article{chen2018mutations,
  title={Mutations in the mitochondrial ribosomal protein MRPS22 lead to primary ovarian insufficiency},
  author={Chen, Anlu and Tiosano, Dov and Guran, Tulay and Baris, Hagit N and Bayram, Yavuz and Mory, Adi and Shapiro-Kulnane, Laura and Hodges, Craig A and Akdemir, Zeynep C and Turan, Serap and others},
  journal={Human molecular genetics},
  volume={27},
  number={11},
  pages={1913--1926},
  year={2018},
  publisher={Oxford University Press}
}

@article{antonicka2003mutations,
  title={Mutations in COX10 result in a defect in mitochondrial heme A biosynthesis and account for multiple, early-onset clinical phenotypes associated with isolated COX deficiency},
  author={Antonicka, Hana and Leary, Scot C and Guercin, Guy-Hellen and Agar, Jeffrey N and Horvath, Rita and Kennaway, Nancy G and Harding, Cary O and Jaksch, Michaela and Shoubridge, Eric A},
  journal={Human molecular genetics},
  volume={12},
  number={20},
  pages={2693--2702},
  year={2003},
  publisher={Oxford University Press}
}

@article{fukumura2015compound,
  title={Compound heterozygous GFM2 mutations with Leigh syndrome complicated by arthrogryposis multiplex congenita},
  author={Fukumura, Shinobu and Ohba, Chihiro and Watanabe, Toshihide and Minagawa, Kimio and Shimura, Masaru and Murayama, Kei and Ohtake, Akira and Saitsu, Hirotomo and Matsumoto, Naomichi and Tsutsumi, Hiroyuki},
  journal={Journal of human genetics},
  volume={60},
  number={9},
  pages={509--513},
  year={2015},
  publisher={Nature Publishing Group}
}

@article{friedman2014mitochondrial,
  title={Mitochondrial form and function},
  author={Friedman, Jonathan R and Nunnari, Jodi},
  journal={Nature},
  volume={505},
  number={7483},
  pages={335--343},
  year={2014},
  publisher={Nature Publishing Group}
}
@article{chang2020meta,
  title={A meta-analysis and systematic review of Leigh syndrome: clinical manifestations, respiratory chain enzyme complex deficiency, and gene mutations},
  author={Chang, Xueli and Wu, Yaxin and Zhou, Jie and Meng, Huaxing and Zhang, Wei and Guo, Junhong},
  journal={Medicine},
  volume={99},
  number={5},
  year={2020},
  publisher={Wolters Kluwer Health}
}

@incollection{thorburn2017mitochondrial,
  title={Mitochondrial DNA-associated Leigh syndrome and NARP},
  author={Thorburn, David R and Rahman, Joyeeta and Rahman, Shamima},
  booktitle={GeneReviews{\textregistered}[Internet]},
  year={2017},
  publisher={University of Washington, Seattle}
}

@article{luo2018biparental,
  title={Biparental inheritance of mitochondrial DNA in humans},
  author={Luo, Shiyu and Valencia, C Alexander and Zhang, Jinglan and Lee, Ni-Chung and Slone, Jesse and Gui, Baoheng and Wang, Xinjian and Li, Zhuo and Dell, Sarah and Brown, Jenice and others},
  journal={Proceedings of the National Academy of Sciences},
  volume={115},
  number={51},
  pages={13039--13044},
  year={2018},
  publisher={National Acad Sciences}
}

@article{caggese1999identification,
  title={Identification of nuclear genes encoding mitochondrial proteins: isolation of a collection of D. melanogaster cDNAs homologous to sequences in the Human Gene Index database},
  author={Caggese, C and Ragone, G and Perrini, B and Moschetti, R and De Pinto, V and Caizzi, R and Barsanti, P},
  journal={Molecular and General Genetics MGG},
  volume={261},
  number={1},
  pages={64--70},
  year={1999},
  publisher={Springer}
}

@article{bergstrom2020insights,
  title={Insights into human genetic variation and population history from 929 diverse genomes},
  author={Bergstr{\"o}m, Anders and McCarthy, Shane A and Hui, Ruoyun and Almarri, Mohamed A and Ayub, Qasim and Danecek, Petr and Chen, Yuan and Felkel, Sabine and Hallast, Pille and Kamm, Jack and others},
  journal={Science},
  volume={367},
  number={6484},
  year={2020},
  publisher={American Association for the Advancement of Science}
}
@article{lander2001initial,
  title={Initial sequencing and analysis of the human genome},
  author={Lander, Eric S and Linton, Lauren M and Birren, Bruce and Nusbaum, Chad and Zody, Michael C and Baldwin, Jennifer and Devon, Keri and Dewar, Ken and Doyle, Michael and FitzHugh, William and others},
  year={2001},
  publisher={Macmillan Publishers Ltd.}
}

@article{garone2018mitochondrial,
  title={Mitochondrial DNA replication in mammalian cells: overview of the pathway},
  author={Garone, Caterina and Minczuk, Michal and Falkenberg, Maria},
  journal={Essays in biochemistry},
  volume={62},
  number={3},
  pages={287--296},
  year={2018},
  publisher={Portland Press}
}


%###############################################################################


@article{howe2020ensembl,
  title={Ensembl Genomes 2020—enabling non-vertebrate genomic research},
  author={Howe, Kevin L and Contreras-Moreira, Bruno and De Silva, Nishadi and Maslen, Gareth and Akanni, Wasiu and Allen, James and Alvarez-Jarreta, Jorge and Barba, Matthieu and Bolser, Dan M and Cambell, Lahcen and others},
  journal={Nucleic acids research},
  volume={48},
  number={D1},
  pages={D689--D695},
  year={2020},
  publisher={Oxford University Press}
}
@misc{openRefine,
  author = {Metaweb Technologies, Inc. },
  title = {Open Refine},
  year = {2012},
  publisher = {GitHub},
  journal = {GitHub repository},
  howpublished = {\url{https://github.com/OpenRefine/OpenRefine}},
  commit = {58b839b9c54c82fe3d722c9c3d6d5e4e61506e28}
}

@article{li2009sequence,
  title={The sequence alignment/map format and SAMtools},
  author={Li, Heng and Handsaker, Bob and Wysoker, Alec and Fennell, Tim and Ruan, Jue and Homer, Nils and Marth, Gabor and Abecasis, Goncalo and Durbin, Richard},
  journal={Bioinformatics},
  volume={25},
  number={16},
  pages={2078--2079},
  year={2009},
  publisher={Oxford University Press}
}
@article{li2013aligning,
  title={Aligning sequence reads, clone sequences and assembly contigs with BWA-MEM},
  author={Li, Heng},
  journal={arXiv preprint arXiv:1303.3997},
  year={2013}
}
@article{tarasov2015sambamba,
  title={Sambamba: fast processing of NGS alignment formats},
  author={Tarasov, Artem and Vilella, Albert J and Cuppen, Edwin and Nijman, Isaac J and Prins, Pjotr},
  journal={Bioinformatics},
  volume={31},
  number={12},
  pages={2032--2034},
  year={2015},
  publisher={Oxford University Press}
}
@article{garrison2012haplotype,
  title={Haplotype-based variant detection from short-read sequencing},
  author={Garrison, Erik and Marth, Gabor},
  journal={arXiv preprint arXiv:1207.3907},
  year={2020}
}
@article{rosenbloom2015ucsc,
  title={The UCSC genome browser database: 2015 update},
  author={Rosenbloom, Kate R and Armstrong, Joel and Barber, Galt P and Casper, Jonathan and Clawson, Hiram and Diekhans, Mark and Dreszer, Timothy R and Fujita, Pauline A and Guruvadoo, Luvina and Haeussler, Maximilian and others},
  journal={Nucleic acids research},
  volume={43},
  number={D1},
  pages={D670--D681},
  year={2015},
  publisher={Oxford University Press}
}
@article{tan2015unified,
  title={Unified representation of genetic variants},
  author={Tan, Adrian and Abecasis, Gon{\c{c}}alo R and Kang, Hyun Min},
  journal={Bioinformatics},
  volume={31},
  number={13},
  pages={2202--2204},
  year={2015},
  publisher={Oxford University Press}
}
@article{1000genome2015global,
  title={A global reference for human genetic variation},
  author={1000 Genomes Project Consortium and others},
  journal={Nature},
  volume={526},
  number={7571},
  pages={68--74},
  year={2015},
  publisher={Nature Publishing Group}
}
@article{vermeesch2005molecular,
  title={Molecular karyotyping: array CGH quality criteria for constitutional genetic diagnosis},
  author={Vermeesch, Joris R and Melotte, Cindy and Froyen, Guy and Van Vooren, Steven and Dutta, Binita and Maas, Nicole and Vermeulen, Stefan and Menten, Bj{\"o}rn and Speleman, Frank and De Moor, Bart and others},
  journal={Journal of Histochemistry \& Cytochemistry},
  volume={53},
  number={3},
  pages={413--422},
  year={2005},
  publisher={SAGE Publications Sage CA: Los Angeles, CA}
}
@misc{vcflib,
  author = {Garrison, Erik},
  title = {Open Refine},
  year = {2010},
  publisher = {GitHub},
  journal = {GitHub repository},
  howpublished = {\url{https://github.com/vcflib/vcflib}},
  commit = {40dbb399b5d25ae694e15755724475b274d1b8fe}
}
@Book{ggplot2,
  author = {Hadley Wickham},
  title = {ggplot2: Elegant Graphics for Data Analysis},
  publisher = {Springer-Verlag New York},
  year = {2016},
  isbn = {978-3-319-24277-4},
  url = {https://ggplot2.tidyverse.org},
}
@article{wickham2019welcome,
  title={Welcome to the Tidyverse},
  author={Wickham, Hadley and Averick, Mara and Bryan, Jennifer and Chang, Winston and McGowan, Lucy and Fran{\c{c}}ois, Romain and Grolemund, Garrett and Hayes, Alex and Henry, Lionel and Hester, Jim and others},
  journal={Journal of Open Source Software},
  volume={4},
  number={43},
  pages={1686},
  year={2019}
}
  @Manual{R,
    title = {R: A Language and Environment for Statistical Computing},
    author = {{R Core Team}},
    organization = {R Foundation for Statistical Computing},
    address = {Vienna, Austria},
    year = {2019},
    url = {https://www.R-project.org/},
  }
  @Manual{statsR,
    title = {R: A Language and Environment for Statistical Computing},
    author = {{R Core Team}},
    organization = {R Foundation for Statistical Computing},
    address = {Vienna, Austria},
    year = {2019},
    url = {https://www.R-project.org/},
  }
@article{goddijn2000genetic,
  title={Genetic aspects of miscarriage},
  author={Goddijn, M and Leschot, NJ},
  journal={BEST PRACTICE AND RESEARCH IN CLINICAL OBSTETRICS AND GYNAECOLOGY},
  volume={14},
  number={5},
  pages={855--865},
  year={2000},
  publisher={BAILLERE TINDALL}
}
@article{zhang2009genetic,
  title={Genetic analysis of first-trimester miscarriages with a combination of cytogenetic karyotyping, microsatellite genotyping and arrayCGH},
  author={Zhang, Y-X and Zhang, Y-P and Gu, Y and Guan, F-J and Li, S-L and Xie, J-S and Shen, Y and Wu, B-L and Ju, W and Jenkins, EC and others},
  journal={Clinical genetics},
  volume={75},
  number={2},
  pages={133--140},
  year={2009},
  publisher={Wiley Online Library}
}
@misc{karczewskigenome,
  title={The genome Aggregation Database (gnomAD). MacArthur Lab. 2017},
  author={Karczewski, K and Francioli, L}
}
@article{lek2016analysis,
  title={Analysis of protein-coding genetic variation in 60,706 humans},
  author={Lek, Monkol and Karczewski, Konrad J and Minikel, Eric V and Samocha, Kaitlin E and Banks, Eric and Fennell, Timothy and O’Donnell-Luria, Anne H and Ware, James S and Hill, Andrew J and Cummings, Beryl B and others},
  journal={Nature},
  volume={536},
  number={7616},
  pages={285--291},
  year={2016},
  publisher={Nature Publishing Group}
}
@article{kircher2014general,
  title={A general framework for estimating the relative pathogenicity of human genetic variants},
  author={Kircher, Martin and Witten, Daniela M and Jain, Preti and O'Roak, Brian J and Cooper, Gregory M and Shendure, Jay},
  journal={Nature genetics},
  volume={46},
  number={3},
  pages={310},
  year={2014},
  publisher={Nature Publishing Group}
}
@article{rentzsch2019cadd,
  title={CADD: predicting the deleteriousness of variants throughout the human genome},
  author={Rentzsch, Philipp and Witten, Daniela and Cooper, Gregory M and Shendure, Jay and Kircher, Martin},
  journal={Nucleic acids research},
  volume={47},
  number={D1},
  pages={D886--D894},
  year={2019},
  publisher={Oxford University Press}
}
@article{firth2011deciphering,
  title={The deciphering developmental disorders (DDD) study},
  author={Firth, Helen V and Wright, Caroline F and DDD study},
  journal={Developmental Medicine \& Child Neurology},
  volume={53},
  number={8},
  pages={702--703},
  year={2011},
  publisher={Wiley Online Library}
}
@article{firth2009decipher,
  title={DECIPHER: database of chromosomal imbalance and phenotype in humans using ensembl resources},
  author={Firth, Helen V and Richards, Shola M and Bevan, A Paul and Clayton, Stephen and Corpas, Manuel and Rajan, Diana and Van Vooren, Steven and Moreau, Yves and Pettett, Roger M and Carter, Nigel P},
  journal={The American Journal of Human Genetics},
  volume={84},
  number={4},
  pages={524--533},
  year={2009},
  publisher={Elsevier}
}
@article{blomen2015gene,
  title={Gene essentiality and synthetic lethality in haploid human cells},
  author={Blomen, Vincent A and M{\'a}jek, Peter and Jae, Lucas T and Bigenzahn, Johannes W and Nieuwenhuis, Joppe and Staring, Jacqueline and Sacco, Roberto and van Diemen, Ferdy R and Olk, Nadine and Stukalov, Alexey and others},
  journal={Science},
  volume={350},
  number={6264},
  pages={1092--1096},
  year={2015},
  publisher={American Association for the Advancement of Science}
}
@article{wang2015identification,
  title={Identification and characterization of essential genes in the human genome},
  author={Wang, Tim and Birsoy, K{\i}van{\c{c}} and Hughes, Nicholas W and Krupczak, Kevin M and Post, Yorick and Wei, Jenny J and Lander, Eric S and Sabatini, David M},
  journal={Science},
  volume={350},
  number={6264},
  pages={1096--1101},
  year={2015},
  publisher={American Association for the Advancement of Science}
}
@article{hart2015high,
  title={High-resolution CRISPR screens reveal fitness genes and genotype-specific cancer liabilities},
  author={Hart, Traver and Chandrashekhar, Megha and Aregger, Michael and Steinhart, Zachary and Brown, Kevin R and MacLeod, Graham and Mis, Monika and Zimmermann, Michal and Fradet-Turcotte, Amelie and Sun, Song and others},
  journal={Cell},
  volume={163},
  number={6},
  pages={1515--1526},
  year={2015},
  publisher={Elsevier}
}
@article{dawes2019gene,
  title={Gene discovery informatics toolkit defines candidate genes for unexplained infertility and prenatal or infantile mortality},
  author={Dawes, Ruebena and Lek, Monkol and Cooper, Sandra T},
  journal={NPJ genomic medicine},
  volume={4},
  number={1},
  pages={1--11},
  year={2019},
  publisher={Nature Publishing Group}
}
@article{laisk2019genetic,
  title={The genetic architecture of sporadic and recurrent miscarriage},
  author={Laisk, Triin and Soares, Ana Luiza G and Ferreira, Teresa and Painter, Jodie N and Laber, Samantha and Bacelis, Jonas and Chen, Chia-Yen and Lepamets, Maarja and Lin, Kuang and Liu, Siyang and others},
  journal={bioRxiv},
  pages={575167},
  year={2019},
  publisher={Cold Spring Harbor Laboratory}
}
@article{pereza2017systematic,
  title={Systematic review and meta-analysis of genetic association studies in idiopathic recurrent spontaneous abortion},
  author={Pereza, Nina and Ostoji{\'c}, Sa{\v{s}}a and Kapovi{\'c}, Miljenko and Peterlin, Borut},
  journal={Fertility and sterility},
  volume={107},
  number={1},
  pages={150--159},
  year={2017},
  publisher={Elsevier}
}
@article{qiao2016whole,
  title={Whole exome sequencing in recurrent early pregnancy loss},
  author={Qiao, Ying and Wen, Jiadi and Tang, Flamingo and Martell, Sally and Shomer, Naomi and Leung, Peter CK and Stephenson, Mary D and Rajcan-Separovic, Evica},
  journal={Mhr: Basic science of reproductive medicine},
  volume={22},
  number={5},
  pages={364--372},
  year={2016},
  publisher={Oxford University Press}
}
@article{rull2012genetics,
  title={Genetics of recurrent miscarriage: challenges, current knowledge, future directions},
  author={Rull, Kristiina and Nagirnaja, Liina and Laan, Maris},
  journal={Frontiers in genetics},
  volume={3},
  pages={34},
  year={2012},
  publisher={Frontiers}
}
@article{colley2019potential,
  title={Potential genetic causes of miscarriage in euploid pregnancies: A systematic review},
  author={Colley, Emily and Hamilton, Susan and Smith, Paul and Morgan, Neil V and Coomarasamy, Arri and Allen, Stephanie},
  journal={Human reproduction update},
  volume={25},
  number={4},
  pages={452--472},
  year={2019},
  publisher={Oxford University Press}
}
@article{quintero2017novel,
  title={Novel genes and mutations in patients affected by recurrent pregnancy loss},
  author={Quintero-Ronderos, Paula and Mercier, Eric and Fukuda, Michiko and Gonz{\'a}lez, Ronald and Su{\'a}rez, Carlos Fernando and Patarroyo, Manuel Alfonso and Vaiman, Daniel and Gris, Jean-Christophe and Laissue, Paul},
  journal={PloS one},
  volume={12},
  number={10},
  year={2017},
  publisher={Public Library of Science}
}

@article{ramos2013frequency,
  title={Frequency and pattern of heteroplasmy in the complete human mitochondrial genome},
  author={Ramos, Amanda and Santos, Cristina and Mateiu, Ligia and del Mar Gonzalez, Maria and Alvarez, Luis and Azevedo, Luisa and Amorim, Antonio and Aluja, Maria Pilar},
  journal={PloS one},
  volume={8},
  number={10},
  year={2013},
  publisher={Public Library of Science}
}


